
@online{plotly_webgl_nodate,
	title = {Webgl vs svg in Python},
	url = {https://plotly.com/python/webgl-vs-svg/},
	titleaddon = {{WebGL} vs {SVG} in Python},
	author = {{Plotly}},
	urldate = {2023-03-18},
	file = {Webgl vs svg in Python:/Users/nicolarohner/Zotero/storage/SVPKXGG3/webgl-vs-svg.html:text/html},
}

@online{kayce_basques_analyze_nodate,
	title = {Analyze runtime performance},
	url = {https://developer.chrome.com/docs/devtools/performance/},
	abstract = {Learn how to evaluate runtime performance in Chrome {DevTools}.},
	titleaddon = {Chrome Developers},
	author = {{Kayce Basques}},
	urldate = {2023-03-18},
	langid = {english},
	file = {Snapshot:/Users/nicolarohner/Zotero/storage/2VNNVTUP/performance.html:text/html},
}
